<?xml version="1.0" encoding="UTF-8"?><record xmlns="http://www.loc.gov/MARC21/slim" xmlns:cinclude="http://apache.org/cocoon/include/1.0" xmlns:zs="http://www.loc.gov/zing/srw/">
  <leader>00488cz  a2200145n  4500</leader>
  <controlfield tag="001">n  80002637 </controlfield>
  <controlfield tag="003">DLC</controlfield>
  <controlfield tag="005">19920307153505.8</controlfield>
  <controlfield tag="008">800128n| acannaab|          |a aaa |||  </controlfield>
  <datafield tag="010" ind1=" " ind2=" ">
    <subfield code="a">n  80002637 </subfield>
    <subfield code="z">n  92023320 </subfield>
  </datafield>
  <datafield tag="040" ind1=" " ind2=" ">
    <subfield code="a">DLC</subfield>
    <subfield code="c">DLC</subfield>
    <subfield code="d">DLC</subfield>
  </datafield>
  <datafield tag="100" ind1="1" ind2="0">
    <subfield code="a">Goetsch, H. W.</subfield>
  </datafield>
  <datafield tag="400" ind1="1" ind2="0">
    <subfield code="a">Goetsch, Hal</subfield>
  </datafield>
  <datafield tag="670" ind1=" " ind2=" ">
    <subfield code="a">His How to prepare and use marketing plans for profit, c1979:</subfield>
    <subfield code="b">t.p. (H. W. Goetsch)</subfield>
  </datafield>
  <datafield tag="670" ind1=" " ind2=" ">
    <subfield code="a">His Developing and implementing effective marketing plans, c1993:</subfield>
    <subfield code="b">CIP t.p. (Hal Goetsch)</subfield>
  </datafield>
</record>